<record><leader>00000cas a22000007a 4500</leader><controlfield tag="001">19955067</controlfield><controlfield tag="008">890630d191219uucouwr ne      0    0eng d</controlfield><datafield ind1=" " ind2=" " tag="010"><subfield code="a">sn 89052192 </subfield></datafield><datafield ind1=" " ind2=" " tag="040"><subfield code="a">CNQ</subfield><subfield code="b">eng</subfield><subfield code="c">CNQ</subfield><subfield code="d">OCLCQ</subfield></datafield><datafield ind1=" " ind2=" " tag="042"><subfield code="a">msc</subfield></datafield><datafield ind1="0" ind2="4" tag="245"><subfield code="a">The Norwood post.</subfield></datafield><datafield ind1=" " ind2=" " tag="260"><subfield code="a">Norwood, San Miguel County, Colo. :</subfield><subfield code="b">Chas. Spillman</subfield></datafield><datafield ind1=" " ind2=" " tag="300"><subfield code="a">v.</subfield></datafield><datafield ind1=" " ind2=" " tag="310"><subfield code="a">Weekly</subfield></datafield><datafield ind1="1" ind2=" " tag="362"><subfield code="a">Began in 1912?</subfield></datafield><datafield ind1=" " ind2=" " tag="530"><subfield code="a">Available on microfilm from the Colorado Historical Society.</subfield></datafield><datafield ind1=" " ind2=" " tag="588"><subfield code="a">Description based on: Vol. 1, no. 5 (June 7, 1912).</subfield></datafield><datafield ind1=" " ind2=" " tag="752"><subfield code="a">United States</subfield><subfield code="b">Colorado</subfield><subfield code="c">San Miguel</subfield><subfield code="d">Norwood.</subfield></datafield><datafield ind1="0" ind2="7" tag="785"><subfield code="t">Nucla independent</subfield><subfield code="w">(DLC)sn 91052656</subfield></datafield><datafield ind1="0" ind2="7" tag="785"><subfield code="t">Post-independent</subfield><subfield code="w">(DLC)sn 90051862</subfield></datafield></record>